@book{robinson2016three,
  title={The three-dimensional Navier--Stokes equations: Classical theory},
  author={Robinson, James C and Rodrigo, Jos{\'e} L and Sadowski, Witold},
  volume={157},
  year={2016},
  publisher={Cambridge university press}
}

@article{buckmaster2019nonuniqueness,
  title={Nonuniqueness of weak solutions to the Navier-Stokes equation},
  author={Buckmaster, Tristan and Vicol, Vlad},
  journal={Annals of Mathematics},
  volume={189},
  number={1},
  pages={101--144},
  year={2019},
  publisher={Department of Mathematics of Princeton University}
}
@book{evans2010partial,
  title={Partial differential equations},
  author={Evans, Lawrence C},
  volume={19},
  year={2010},
  publisher={American Mathematical Soc.}
}



